
@techreport{HeckbertSurveyPolygonalSurface1997,
  title = {Survey of {{Polygonal Surface Simplification Algorithms}}},
  author = {Heckbert, Paul S and Garland, Michael},
  year = {1997},
  pages = {31},
  address = {{Pittsburgh, Pennsylvania, USA}},
  institution = {{Carnegie Mellon University, School of Computer Science}},
  language = {en},
}



@incollection{ImaiPolygonalApproximationsCurve1988,
  title = {Polygonal {{Approximations}} of a {{Curve}} \textemdash{} {{Formulations}} and {{Algorithms}}},
  booktitle = {Machine {{Intelligence}} and {{Pattern Recognition}}},
  author = {Imai, Hiroshi and Iri, Masao},
  editor = {Toussaint, Godfried T.},
  year = {1988},
  month = jan,
  series = {Computational {{Morphology}}},
  volume = {6},
  pages = {71--86},
  publisher = {{North-Holland}},
  doi = {10.1016/B978-0-444-70467-2.50011-4},
  language = {en},
}


@article{PerezOptimumpolygonalapproximation1994,
  title = {Optimum Polygonal Approximation of Digitized Curves},
  author = {Perez, Juan-Carlos and Vidal, Enrique},
  year = {1994},
  month = aug,
  journal = {Pattern Recognition Letters},
  volume = {15},
  number = {8},
  pages = {743--750},
  issn = {0167-8655},
  doi = {10.1016/0167-8655(94)90002-7},
  language = {en},
  keywords = {Dominant Points,Dynamic Programming,Polygonal Approximation,Shape Representation},
}


@article{ChanApproximationPolygonalCurves1996,
  title = {Approximation of {{Polygonal Curves}} with {{Minimum Number}} of {{Line Segments}} or {{Minimum Error}}},
  author = {Chan, W.S. and Chin, F.},
  year = {1996},
  month = mar,
  journal = {International Journal of Computational Geometry \& Applications},
  volume = {06},
  number = {01},
  pages = {59--77},
  issn = {0218-1959, 1793-6357},
  doi = {10.1142/S0218195996000058},
  language = {en},
}


@article{Rameriterativeprocedurepolygonal1972,
  title = {An Iterative Procedure for the Polygonal Approximation of Plane Curves},
  author = {Ramer, Urs},
  year = {1972},
  month = nov,
  journal = {Computer Graphics and Image Processing},
  volume = {1},
  number = {3},
  pages = {244--256},
  issn = {0146-664X},
  doi = {10.1016/S0146-664X(72)80017-0},
  language = {en},
}


@article{DouglasAlgorithmsreductionnumber1973,
  title = {Algorithms for the Reduction of the Number of Points Required to Represent a Digitized Line or Its Caricature},
  author = {Douglas, David H and Peucker, Thomas K},
  year = {1973},
  month = dec,
  journal = {Cartographica: The International Journal for Geographic Information and Geovisualization},
  volume = {10},
  number = {2},
  pages = {112--122},
  publisher = {{University of Toronto Press}},
  issn = {0317-7173},
  doi = {10.3138/FM57-6770-U75U-7727},
}


@article{deCastroeSousaConsistencySolvingInverse2020,
  title = {Consistency in {{Solving}} the {{Inverse Problem}} of the {{Voce}}-{{Chaboche Constitutive Model}} for {{Plastic Straining}}},
  author = {{de Castro e Sousa}, Albano and Suzuki, Yusuke and Lignos, Dimitrios},
  year = {2020},
  journal = {Journal of Engineering Mechanics},
  volume = {146},
  number = {9},
  pages = {04020097},
  issn = {0733-9399, 1943-7889},
  doi = {10.1061/(ASCE)EM.1943-7889.0001839},
  language = {en},
}

@techreport{HershbergerSpeedingDouglasPeuckerLineSimpli1992,
  title = {Speeding {{Up}} the {{Douglas}}-{{Peucker Line}}-{{Simpli}} Cation {{Algorithm}}},
  author = {Hershberger, John and Snoeyink, Jack},
  year = {1992},
  number = {TR-92-07},
  pages = {16},
  address = {{Vancouver, BC, Canada}},
  institution = {{University of British Columbia, Department of Computer Science}},
  language = {en},
}




